%% Introduction

@book{Walter1999,
 author = {Walter, Gilbert G. and Contreras, Martha},
 publisher = {Birkh{\"a}user},
 title = {{C}ompartmental {M}odeling with {N}etworks},
 year = {1999}
}

@article{Pesin1977UMN,
	title = {{C}haracteristic {L}yapunov exponents and smooth ergodic theory},
  author = {Pesin, Yakov Borisovich},
  journal = {Uspekhi Matematicheskikh Nauk},
  volume = {32},
  number = {4},
  pages = {55--112},
  year = {1977},
	publisher = {Steklov Mathematical Institute of Russian Academy of Sciences,}
}

@article{Dehmer2011IS,
  title = {A history of graph entropy measures},
  author = {Dehmer, Matthias and Mowshowitz, Abbe},
  journal = {Information Sciences},
  volume = {181},
  number = {1},
  pages = {57--78},
  year = {2011},
  publisher = {Elsevier}
}

@article{Trucco1956BoMB,
  title = {A note on the information content of graphs},
  author = {Trucco, Ernesto},
  journal = {Bulletin of Mathematical Biology},
  volume = {18},
  number = {2},
  pages = {129--135},
  year = {1956},
  publisher = {Springer}
}

@incollection{Bonchev2005,
	title = {{Q}uantitative {M}easures of {N}etwork {Cs}omplexity},
  author = {Bonchev, Danail and Buck, Gregory A},
	booktitle = {{C}omplexity in {C}hemistry, {B}iology, and {E}cology},
  pages = {191--235},
  year = {2005},
  publisher = {Springer}
}

@article{Shannon1949TUoIP,
	title = {{T}he {M}athematical {T}heory of {C}ommunication},
  author = {Shannon, C. E. and Weaver, W.},
  journal = {The University of Illinois Press, Urbana},
  year = {1949},
}

%% Methods

@book{Cover2006,
 _checked = {true},
 author = {Cover, Thomas M. and Thomas, Joy A.},
 edition = {2},
 publisher = {Wiley},
 title = {{E}lements of {I}nformation {T}heory},
 year = {2006}
}

@article{Dumitrescu1988MICAS,
  title = {Some informational properties of Markov pure-jump processes},
  author = {Bad Dumitrescu, Monica E.},
  journal = {{\v{C}}asopis pro p{\v{e}}stov{\'a}n{\'\i} matematiky},
  volume = {113},
  number = {4},
  pages = {429--434},
  year = {1988},
  publisher = {Mathematical Institute of the Czechoslovak Academy of Sciences}
}

@article{Girardin2003JAP,
 _checked = {true},
 _edited = {true},
 author = {Girardin, Valerie and Limnios, Nikolaos},
 journal = {Journal of Applied Probability},
 number = {4},
 pages = {1060--1068},
 publisher = {Journal of Applied Probability},
 title = {{O}n the {E}ntropy for {S}emi-{M}arkov {P}rocesses},
 volume = {40},
 year = {2003}
}

@article{Gaspard1993PR,
  title = {Noise, chaos, and ($\varepsilon$, $\tau$)-entropy per unit time},
  author = {Gaspard, Pierre and Wang, Xiao-Jing},
  journal = {Physics Reports},
  volume = {235},
  number = {6},
  pages = {291--343},
  year = {1993},
  publisher = {Elsevier}
}

@book{Anderson1983,
 _checked = {true},
 author = {Anderson, David H},
 publisher = {Springer Science \& Business Media},
 title = {Compartmental modeling and tracer kinetics},
 volume = {50},
 year = {1983}
}

@article{Jacquez1993SIAM,
 _checked = {true},
 author = {Jacquez, John A and Simon, Carl P},
 journal = {Siam Review},
 number = {1},
 pages = {43--79},
 publisher = {SIAM},
 title = {Qualitative theory of compartmental systems},
 volume = {35},
 year = {1993}
}

@article{Metzler2018MGS,
 _checked = {true},
 author = {Metzler, Holger and Sierra, Carlos A.},
 day = {04},
 doi = {10.1007/s11004-017-9690-1},
 journal = {Mathematical Geosciences},
 month = {Jul},
 number = {1},
 pages = {1--34},
 title = {Linear Autonomous Compartmental Models as Continuous-Time {Markov} Chains: {Transit}-Time and Age Distributions},
 volume = {50},
 year = {2018}
}

@book{Norris1997,
 _checked = {true},
 author = {Norris, J. R.},
 link = {http://www.leg.ufpr.br/~eder/Markov/Markov%20Chains.pdf},
 publisher = {Cambridge University Press},
 title = {Markov Chains},
 year = {1997}
}

@book{Neuts1981,
 _checked = {true},
 author = {Neuts, Marcel F.},
 publisher = {The Johns Hopkins University Press},
 title = {Matrix-geometric solutions in stochastic models: An algorithmic approach},
 year = {1981}
}

@article{Sierra2016GlobChangBiol,
 _checked = {true},
 _edited = {true},
 author = {Sierra, Carlos A. and M{\"{u}}ller, Markus and Metzler, Holger and Manzoni, Stefano and Trumbore, Susan E.},
 doi = {10.1111/gcb.13556},
 journal = {Global Change Biology},
 link = {http://dx.doi.org/10.1111/gcb.13556},
 title = {The muddle of ages, turnover, transit, and residence times in the carbon cycle},
 volume = {in print},
 year = {2016}
}

@article{Albert1962AMS,
	title = {Estimating the {I}nfinitesimal {G}enerator of a {C}ontinuous {T}ime, {F}inite {S}tate {M}arkov {P}rocess},
  author = {Albert, Arthur},
  journal = {The Annals of Mathematical Statistics},
	volume = {33},
	number = {2},
  pages = {727--753},
  year = {1962},
  publisher = {JSTOR}
}

@book{Doob1953,
	title={{S}tochastic {P}rocesses},
  author={Doob, Joseph L.},
  volume={7},
  number={2},
  year={1953},
  publisher={Wiley, New York}
}

%% Results

@incollection{Emanuel1981,
 _checked = {true},
 author = {W. R. Emanuel and G. G. Killough and J. S. Olson},
 booktitle = {Carbon Cycle Modelling},
 pages = {335--353},
 publisher = {John Wiley and Sons},
 series = {SCOPE 16},
 title = {{M}odelling the {C}irculation of {C}arbon in the {W}orld's {T}errestrial {E}cosystems},
 year = {1981}
}

@article{Thompson1999GCB,
 _checked = {true},
 author = {Thompson, Matthew V. and Randerson, James T.},
 doi = {10.1046/j.1365-2486.1999.00235.x},
 journal = {Global Change Biology},
 number = {4},
 pages = {371-394},
 title = {Impulse response functions of terrestrial carbon cycle models: method and application},
 volume = {5},
 year = {1999}
}

@article{Wang2014BG,
 _checked = {true},
 _edited = {true},
 author = {Wang, Y. P. and Chen, B. C. and Wieder, W. R. and Leite, M. and Medlyn, B. E. and Rasmussen, M. and Smith, M. J. and Agusto, F. B. and Hoffman, F. and Luo, Y. Q.},
 doi = {10.5194/bg-11-1817-2014},
 journal = {Biogeosciences},
 link = {http://dx.doi.org/10.5194/bg-11-1817-2014},
 number = {7},
 pages = {1817--1831},
 title = {Oscillatory behavior of two nonlinear microbial models of soil carbon decomposition},
 volume = {11},
 year = {2014}
}

%% Discussion

@article{Presse2013RMP,
  title={Principles of maximum entropy and maximum caliber in statistical physics},
  author={Press{\'e}, Steve and Ghosh, Kingshuk and Lee, Julian and Dill, Ken A},
  journal={Reviews of Modern Physics},
  volume={85},
  number={3},
  pages={1115},
  year={2013},
  publisher={APS}
}

@article{Ge2012JCP,
  title={Markov processes follow from the principle of maximum caliber},
  author={Ge, Hao and Press{\'e}, Steve and Ghosh, Kingshuk and Dill, Ken A},
  journal={The Journal of Chemical Physics},
  volume={136},
  number={6},
  pages={064108},
  year={2012},
  publisher={American Institute of Physics}
}
